@inproceedings{DBLP:conf/icfp/FindlerF02,
  author    = {Robert Bruce Findler and
               Matthias Felleisen},
  title     = {Contracts for higher-order functions},
  booktitle = {{ICFP}},
  pages     = {48--59},
  publisher = {{ACM}},
  year      = {2002}
}

@inproceedings{DBLP:conf/tools/Meyer98a,
  author    = {Bertrand Meyer},
  title     = {Design by Contract: The Eiffel Method},
  booktitle = {{TOOLS} {(26)}},
  pages     = {446},
  publisher = {{IEEE} Computer Society},
  year      = {1998}
}

@book{DBLP:books/ph/Meyer91,
  author    = {Bertrand Meyer},
  title     = {Eiffel: The Language},
  publisher = {Prentice-Hall},
  year      = {1991}
}
