@inproceedings{DBLP:conf/icfp/FindlerF02,
  author    = {Robert Bruce Findler and
               Matthias Felleisen},
  title     = {Contracts for higher-order functions},
  booktitle = {{ICFP}},
  pages     = {48--59},
  publisher = {{ACM}},
  year      = {2002}
}

@inproceedings{DBLP:conf/tools/Meyer98a,
  author    = {Bertrand Meyer},
  title     = {Design by Contract: The Eiffel Method},
  booktitle = {{TOOLS} {(26)}},
  pages     = {446},
  publisher = {{IEEE} Computer Society},
  year      = {1998}
}

@book{DBLP:books/ph/Meyer91,
  author    = {Bertrand Meyer},
  title     = {Eiffel: The Language},
  publisher = {Prentice-Hall},
  year      = {1991}
}

@article{DBLP:journals/pacmpl/AlbertGRRRS20,
  author    = {Elvira Albert and
               Shelly Grossman and
               Noam Rinetzky and
               Clara Rodr{\'{\i}}guez{-}N{\'{u}}{\~{n}}ez and
               Albert Rubio and
               Mooly Sagiv},
  title     = {Taming callbacks for smart contract modularity},
  journal   = {Proc. {ACM} Program. Lang.},
  volume    = {4},
  number    = {{OOPSLA}},
  pages     = {209:1--209:30},
  year      = {2020}
}

@article{DBLP:journals/pacmpl/SmaragdakisGLTT21,
  author    = {Yannis Smaragdakis and
               Neville Grech and
               Sifis Lagouvardos and
               Konstantinos Triantafyllou and
               Ilias Tsatiris},
  title     = {Symbolic value-flow static analysis: deep, precise, complete modeling
               of Ethereum smart contracts},
  journal   = {Proc. {ACM} Program. Lang.},
  volume    = {5},
  number    = {{OOPSLA}},
  pages     = {1--30},
  year      = {2021}
}

@inproceedings{DBLP:conf/pldi/LiCL20,
  author    = {Ao Li and
               Jemin Andrew Choi and
               Fan Long},
  title     = {Securing smart contract with runtime validation},
  booktitle = {{PLDI}},
  pages     = {438--453},
  publisher = {{ACM}},
  year      = {2020}
}

@article{DBLP:journals/pacmpl/BramEMSS21,
  author    = {Christian Br{\"{a}}m and
               Marco Eilers and
               Peter M{\"{u}}ller and
               Robin Sierra and
               Alexander J. Summers},
  title     = {Rich specifications for Ethereum smart contract verification},
  journal   = {Proc. {ACM} Program. Lang.},
  volume    = {5},
  number    = {{OOPSLA}},
  pages     = {1--30},
  year      = {2021}
}

@inproceedings{DBLP:conf/pldi/Pirlea0S21,
  author    = {George P{\^{\i}}rlea and
               Amrit Kumar and
               Ilya Sergey},
  title     = {Practical smart contract sharding with ownership and commutativity
               analysis},
  booktitle = {{PLDI}},
  pages     = {1327--1341},
  publisher = {{ACM}},
  year      = {2021}
}

@article{DBLP:journals/pacmpl/GrossmanAGMRSZ18,
  author    = {Shelly Grossman and
               Ittai Abraham and
               Guy Golan{-}Gueta and
               Yan Michalevsky and
               Noam Rinetzky and
               Mooly Sagiv and
               Yoni Zohar},
  title     = {Online detection of effectively callback free objects with applications
               to smart contracts},
  journal   = {Proc. {ACM} Program. Lang.},
  volume    = {2},
  number    = {{POPL}},
  pages     = {48:1--48:28},
  year      = {2018}
}

@article{DBLP:journals/pacmpl/GrechKJBSS18,
  author    = {Neville Grech and
               Michael Kong and
               Anton Jurisevic and
               Lexi Brent and
               Bernhard Scholz and
               Yannis Smaragdakis},
  title     = {MadMax: surviving out-of-gas conditions in Ethereum smart contracts},
  journal   = {Proc. {ACM} Program. Lang.},
  volume    = {2},
  number    = {{OOPSLA}},
  pages     = {116:1--116:27},
  year      = {2018}
}

@inproceedings{DBLP:conf/pldi/BrentGLSS20,
  author    = {Lexi Brent and
               Neville Grech and
               Sifis Lagouvardos and
               Bernhard Scholz and
               Yannis Smaragdakis},
  title     = {Ethainter: a smart contract security analyzer for composite vulnerabilities},
  booktitle = {{PLDI}},
  pages     = {454--469},
  publisher = {{ACM}},
  year      = {2020}
}

@article{DBLP:journals/pacmpl/WangZS19,
  author    = {Shuai Wang and
               Chengyu Zhang and
               Zhendong Su},
  title     = {Detecting nondeterministic payment bugs in Ethereum smart contracts},
  journal   = {Proc. {ACM} Program. Lang.},
  volume    = {3},
  number    = {{OOPSLA}},
  pages     = {189:1--189:29},
  year      = {2019}
}

@inproceedings{DBLP:conf/pldi/BeillahiCEE20,
  author    = {Sidi Mohamed Beillahi and
               Gabriela F. Ciocarlie and
               Michael Emmi and
               Constantin Enea},
  title     = {Behavioral simulation for smart contracts},
  booktitle = {{PLDI}},
  pages     = {470--486},
  publisher = {{ACM}},
  year      = {2020}
}

@inproceedings{DBLP:conf/icfp/DisneyFM11,
  author    = {Tim Disney and
               Cormac Flanagan and
               Jay McCarthy},
  title     = {Temporal higher-order contracts},
  booktitle = {{ICFP}},
  pages     = {176--188},
  publisher = {{ACM}},
  year      = {2011}
}

@inproceedings{DBLP:conf/erlang/0001BBHMEF22,
  author    = {Sergio P{\'{e}}rez and
               Luis Eduardo Bueso de Barrio and
               Ignacio Ballesteros and
               {\'{A}}ngel Herranz and
               Julio Mari{\~{n}}o and
               Clara Benac Earle and
               Lars{-}{\AA}ke Fredlund},
  title     = {Executable contracts for Elixir},
  booktitle = {Erlang Workshop},
  pages     = {40--46},
  publisher = {{ACM}},
  year      = {2022}
}

@Inbook{Sergey2021,
  author="Sergey, Ilya",
  title="The Next 700 Smart Contract Languages",
  bookTitle="Principles of Blockchain Systems",
  year="2021",
  publisher="Springer International Publishing",
  address="Cham",
  pages="69--94",
  isbn="978-3-031-01807-7",
  doi="10.1007/978-3-031-01807-7_3",
}

@inproceedings{DBLP:conf/esorics/BartolettiGM19,
  author    = {Massimo Bartoletti and
               Letterio Galletta and
               Maurizio Murgia},
  title     = {A Minimal Core Calculus for Solidity Contracts},
  booktitle = {DPM/CBT, ESORICS},
  series    = {Lecture Notes in Computer Science},
  volume    = {11737},
  pages     = {233--243},
  publisher = {Springer},
  year      = {2019}
}

@inproceedings{DBLP:conf/fc/CrafaPZ19,
  author    = {Silvia Crafa and
               Matteo Di Pirro and
               Elena Zucca},
  title     = {Is Solidity Solid Enough?},
  booktitle = {Financial Cryptography Workshops},
  series    = {Lecture Notes in Computer Science},
  volume    = {11599},
  pages     = {138--153},
  publisher = {Springer},
  year      = {2019}
}

@inproceedings{DBLP:conf/pldi/NguyenGTH19,
  author       = {Phuc C. Nguyen and
                  Thomas Gilray and
                  Sam Tobin{-}Hochstadt and
                  David Van Horn},
  title        = {Size-change termination as a contract: dynamically and statically
                  enforcing termination for higher-order programs},
  booktitle    = {{PLDI}},
  pages        = {845--859},
  publisher    = {{ACM}},
  year         = {2019}
}

@inproceedings{DBLP:conf/popl/FournetG02,
  author       = {C{\'{e}}dric Fournet and
                  Andrew D. Gordon},
  title        = {Stack inspection: theory and variants},
  booktitle    = {{POPL}},
  pages        = {307--318},
  publisher    = {{ACM}},
  year         = {2002}
}

@inproceedings{DBLP:conf/sp/WallachF98,
  author       = {Dan S. Wallach and
                  Edward W. Felten},
  title        = {Understanding Java Stack Inspection},
  booktitle    = {{IEEE} Symposium on Security and Privacy},
  pages        = {52--63},
  publisher    = {{IEEE} Computer Society},
  year         = {1998}
}

@inproceedings{DBLP:conf/sigsoft/AlfaroH01,
  author       = {Luca de Alfaro and
                  Thomas A. Henzinger},
  title        = {Interface automata},
  booktitle    = {{ESEC} / {SIGSOFT} {FSE}},
  pages        = {109--120},
  publisher    = {{ACM}},
  year         = {2001}
}

@inproceedings{DBLP:conf/rodin/Chalin06,
  author       = {Patrice Chalin},
  title        = {Are Practitioners Writing Contracts?},
  booktitle    = {{RODIN} Book},
  series       = {Lecture Notes in Computer Science},
  volume       = {4157},
  pages        = {100--113},
  publisher    = {Springer},
  year         = {2006}
}

@book{DBLP:books/ph/Meyer97,
  author       = {Bertrand Meyer},
  title        = {Object-Oriented Software Construction, 2nd Edition},
  publisher    = {Prentice-Hall},
  year         = {1997}
}

@article{DBLP:journals/lisp/Strachey00,
  author       = {Christopher S. Strachey},
  title        = {Fundamental Concepts in Programming Languages},
  journal      = {High. Order Symb. Comput.},
  volume       = {13},
  number       = {1/2},
  pages        = {11--49},
  year         = {2000}
}

@article{buterin2014next,
  title={A next-generation smart contract and decentralized application platform},
  author={Buterin, Vitalik and others},
  journal={white paper},
  volume={3},
  number={37},
  pages={2--1},
  year={2014}
}

@article{nakamoto2008bitcoin,
  title={Bitcoin: A peer-to-peer electronic cash system},
  author={Nakamoto, Satoshi},
  journal={Decentralized business review},
  year={2008}
}

@misc{DAOhack,
  author = {Phil Daian},
  title = {The analysis of the DAO exploit},
  year = {2016},
  howpublished = {\url{https://hackingdistributed.com/2016/06/18/analysis-of-the-dao-exploit/}}
}
